@book{LBol,
	author = {Bolaños, S.},
	title = {Metaproceso de Software},
	date = {2016},	
}

@book{LTogaf,
	author = {Josey Andrw, Harrinson Rachel, Homan Paul, Rouse Mathew E., Van Sante Tom, Turner Mike, Van Der Merwe Paul},
	title = {Togaf Versión 9.1, Guía de Bolsillo},
	date = {2016},	
}
