@misc{WEB1,
	author = {Copropietarios},
	title = {Ley 675 de 2001 Propiedad Horizontal},
	note = {[Online; accedido el 12 de Octubre de 2017]},
	howpublished = {\url{http://www.copropietarios.com.co/archivos/14}},
}

@misc{WEB2,
	author = {Edificios y Conjuntos},
	title = {Asamblea general de propietarios en edificios y conjuntos},
	note = {[Online; accedido el 12 de Octubre de 2017]},
	howpublished = {\url{http://edificiosyconjuntos.com/blog/funciones-asamblea-general-en-edificios-conjuntos/}},
}

@misc{WEB3,
	author = {Actualícese},
	title = {Ley de Propiedad Horizontal: derechos y deberes de copropietarios y administrador.},
	note = {[Online; accedido el 13 de Octubre de 2017]},
	howpublished = {\url{https://actualicese.com/actualidad/2015/12/14/ley-de-propiedad-horizontal-derechos-y-deberes-de-copropietarios-y-administrador/}},
}

@misc{WEB4,
	author = {Portal de Revistas Ulima},
	title = {ARQUITECTURA DE INTEGRACIÓN ORIENTADA A SERVICIOS.},
	note = {[Online; accedido el 13 de Octubre de 2017]},
	howpublished = {\url{https://revistas.ulima.edu.pe/index.php/Interfases/article/view/169/120}},
}

@misc{WEB5,
	author = {E-Reding Biblioteca Sevilla},
	title = {SOAP Y WSDL},
	note = {[Online; accedido el 13 de Octubre de 2017]},
	howpublished = {\url{http://bibing.us.es/proyectos/abreproy/11247/fichero/Memoria%252F7-SOAP+y+WSDL.pdf}},
}

@misc{WEB6,
	author = {Copro},
	title = {Ley 675 de 2001},
	note = {[Online; accedido el 12 de Octubre de 2017]},
	howpublished = {\url{http://www.copropietarios.com.co}},
}


