@INPROCEEDINGS{AMay, 
author={N. Mayer and C. Feltus}, 
booktitle={2017 IEEE 21st International Enterprise Distributed Object Computing Workshop (EDOCW)}, 
title={Evaluation of the risk and security overlay of archimate to model information system security risks}, 
year={2017}, 
volume={}, 
number={}, 
pages={106-116}, 
keywords={business data processing;cognition;information systems;risk management;security of data;software engineering;user interfaces;EAM-ISSRM integrated model;EAMISSRM integrated model;RSO visual notation;appropriate notation;cognitive effective visual notation;enterprise architecture management information system security risk;information security risk managers;user experience evaluation;visual notations;Computer architecture;Information systems;Risk management;Security;Visualization}, 
doi={10.1109/EDOCW.2017.30}, 
ISSN={}, 
month={Oct},}
@INPROCEEDINGS{ANar, 
author={J. C. Nardi and J. P. A. Almeida and M. C. Pereira and R. d. A. Falbo and M. E. Iacob and M. van Sinderen and L. F. Pires}, 
booktitle={2016 IEEE 20th International Enterprise Distributed Object Computing Workshop (EDOCW)}, 
title={Service Commitments and Capabilities across the ArchiMate Architectural Layers}, 
year={2016}, 
volume={}, 
number={}, 
pages={1-10}, 
keywords={cloud computing;service-oriented architecture;ArchiMate architectural layers;IaaS;PaaS;SaaS;capability-based views;commitment-based views;enterprise architecture modeling language;infrastructure-as-a-service;platform-as-a-service;reference ontology;service commitments;software-as-a-service;Analytical models;Automobiles;Cable TV;Contracts;Organizations;Software}, 
doi={10.1109/EDOCW.2016.7584386}, 
ISSN={}, 
month={Sept},}