@book{LBol,
	author = {Bola√±os, S.},
	title = {Metaproceso de Software},
	date = {2016},	
}
